@webpage{1,
  year = 2019,
  title = "Belgium | European Union",
  URL = "https://europa.eu/european-union/about-eu/countries/member-countries/belgium_en",
  urldate = {2019-04-05}
}

@webpage{2,
    year =2019,
    title = "Belgium - OECD Data",
    urldate = {2019-04-05},
    URL = "https://data.oecd.org/belgium.htm"
},

@webpage{3,
    year = 2019,
    title = "Belgium, a federal state" ,
    urldate = {2019-04-05},
  URL = "http://www.oecdbetterlifeindex.org/countries/belgium/"
}

@webpage{4,
    year = 2010,
    title = "The powers of the Regions",
    urldate = {2019-04-05},
  URL = "https://www.belgium.be/en/about_belgium/government/regions/competence"
}

@webpage{5,
    year = 2010,
    title = "The powers of the Communities",
    urldate = {2019-04-05},
  URL = "https://www.belgium.be/en/about_belgium/government/communities/competence"
}

@webpage{6,
    year = 2017,
    title = "Public investment, tax and education reforms will help bolster inclusive growth in Belgium - OECD",
    urldate = {2019-04-05},
  URL = "http://www.oecd.org/belgium/public-investment-tax-and-education-reforms-will-help-bolster-inclusive-growth-in-belgium.htm"
}

@webpage{7,
    year = 2018,
    title = "Belgium - Economic forecast summary",
    urldate = {2019-04-05},
    URL = "http://www.oecd.org/belgium/belgium-economic-forecast-summary.htm"
}

@webpage{8,
    year = 2017,
    month = 8,
    title = "Education Policy Outlook Country Profile Belgium",
    urldate = {2019-04-05},
  URL = "http://www.oecd.org/education/Education-Policy-Outlook-Country-Profile-Belgium.pdf"
}

@webpage{9,
  doi = "10.1787/7497563b-en",
    year = 2018,
    title = "OECD - Social spending (indicator)",
    urldate = {2019-04-05},
  URL = "https://data.oecd.org/socialexp/social-spending.htm"
}

@webpage{10,
  doi= "10.1787/7497563b-en",
    year = 2018,
    title = "OECD - Public Unemployment Spending (indicator)",
    urldate = {2019-04-05},
  URL = "https://data.oecd.org/socialexp/social-spending.htm"
}

@webpage{11,
  doi= "10.1787/911b8753-en",
    year = 2016,
    title = "Public spending on labour markets (indicator)",
    urldate = {2019-04-05},
  URL = "https://data.oecd.org/socialexp/public-spending-on-labour-markets.htm"
}

@webpage{Economic_survey_of_Belgium_2017,
    year = 2017,
    month = 06,
    title = "OECD Economic Surveys: Belgium",
    urldate = {2019-04-05},
  URL = "http://www.oecd.org/economy/surveys/Belgium-2017-OECD-economic-survey-overview.pdf"
}

@webpage{IMF,
    year = 2018,
    month = 03,
    day = 08,
    title = "IMF Executive Board Concludes 2018 Article IV Consultation with Belgium",
    urldate = {2019-04-05},
  URL = "http://www.oecd.org/economy/surveys/Belgium-2017-OECD-economic-survey-overview.pdf",
} 

@webpage{IMF2019ArticleIV,
  author = "International Monetary Fund",
    year = 2019,
    month = 03,
    day = 11,
    title = "Belgium : 2019 Article IV Consultation-Press Release; Staff Report; and Statement by the Executive Director for Belgium",
  short-title = "Belgium: 2019 Article IV Consultation-Press Release",
    urldate = {2019-04-05},
  URL = "https://www.imf.org/~/media/Files/Publications/CR/2019/1BELEA2019001.ashx",
}

@webpage{OECD_Taxation_Belgium,
    year = 2018,
    title = "Revenue Statistics 2018 - Belgium",
    urldate = {2019-04-05},
  URL = "https://www.oecd.org/tax/tax-policy/revenue-statistics-belgium.pdf"
}

@webpage{OECD_Pension_policy_notes_Belgium,
    year = 2015,
    title = "OECD Pension Policy Notes Belgium",
    urldate = {2019-04-05},
  URL = "https://www.oecd.org/els/public-pensions/OECD-Pension-Policy-Notes-Belgium.pdf"
}

@article{NYTimesBelgiumStrikes,
  author = "Milan Schreuer",
    year = 2019,
    month= 02,
    day = 13,
    title = "National Strike Grips Belgium, Canceling Flights and Shutting Breweries",
    urldate = {2019-04-05},
  URL = "https://www.nytimes.com/2019/02/13/world/europe/strike-in-belgium.html"
}

@article{TheGuardianBelgiumGovernmentCollapse,
  author = "Jennifer Rankin",
    year = 2018,
    month = 12,
    day = 21,
    title = "Charles Michel lost confidence vote after coalition partner quit over UN migration pact",
    urldate = {2019-04-05},
  URL = "https://www.theguardian.com/world/2018/dec/21/belgian-king-accepts-prime-minister-charles-michel-resignation-say-reports"
}
