\begin{thebibliography}{}

@book{gibbs:reflectiveModel,
  title={Learning by doing : a guide to teaching and learning methods},
  author={Gibbs, Graham},
  year={1988},
  publisher={London: FEU}
}

\end{thebibliography}
